@FOOTNOTE{Note1,key="Note1",note="As proved in \cite {} this set corresponds to the step $1+AB$ of the NPA hierarchy \cite {}."}
@CONTROL{REVTEX41Control}
@CONTROL{apsrev41Control,author="08",editor="1",pages="0",title="",year="1"}
